<?xml version="1.0" encoding="UTF-8"?><collection xmlns="http://www.loc.gov/MARC21/slim"><record><leader>00559nam--2200181-i-4500</leader><controlfield tag="001">000043243</controlfield><controlfield tag="002">20161230</controlfield><controlfield tag="005">20161230201043</controlfield><controlfield tag="008">060222s1000------------r-----000-0-fre-d</controlfield><datafield ind1=" " ind2=" " tag="040"><subfield code="a">IFIN-HH</subfield></datafield><datafield ind1=" " ind2=" " tag="041"><subfield code="a">fre</subfield></datafield><datafield ind1=" " ind2=" " tag="080"><subfield code="a">539.166.3</subfield></datafield><datafield ind1="1" ind2=" " tag="100"><subfield code="a">Sutter, Gilbert</subfield></datafield><datafield ind1="1" ind2="0" tag="245"><subfield code="a">Etude experimentale de la double emission gamma dans les transitions monopolaires des noyaux 16o, 4 ca et 90 zr. proprietes du muon</subfield><subfield code="b">These</subfield><subfield code="c">Gilbert dutter</subfield></datafield><datafield ind1=" " ind2=" " tag="260"><subfield code="a">Strasbourg</subfield><subfield code="b">Universite</subfield><subfield code="c">1962</subfield></datafield><datafield ind1=" " ind2=" " tag="300"><subfield code="a">88 P</subfield></datafield><datafield ind1=" " ind2=" " tag="852"><subfield code="a">22836</subfield><subfield code="c">539.163.2</subfield></datafield><datafield ind1=" " ind2=" " tag="CAT"><subfield code="a">Sys</subfield><subfield code="c">20120521</subfield><subfield code="h">095541</subfield></datafield></record></collection>